% Plačiau apie šaltinių tipus ir jų atributus:
% http://mirror.datacenter.by/pub/mirrors/CTAN/macros/latex/contrib/biblatex/doc/biblatex.pdf#subsection.2.1

% Pastaba dėl puslapių intervalo nurodymo: nesvarbu, ar naudosime '-', ar '--',
% tai bus paversta tuo pačiu simboliu (brūkšniu)

@book{DataIntensiveApplications,
    author = {Martin Kleppmann},
    title = {Designing Data-Intensive Applications: The Big Ideas Behind Reliable, Scalable, and Maintainable Systems},
    publisher = {O'Reilly Media},
    year = {2017},
    langid = {english},
}

@book{AgileSoftwareDevelopment,
    author = {Robert C. Martin},
    title = {Agile Software Development, Principles, Patterns, and Practices},
    publisher = {Pearson},
    year = {2002},
    langid = {english},
}


@article{ModularizationMetrics,
    author = {Houari A. Sahraoui, Stéphane Ducasse, Hani Abdeen},
    title = {Modularization Metrics: Assessing Package Organization in Legacy Large Object-Oriented Software},
    url = {https://www.researchgate.net/publication/221200426_Modularization_Metrics_Assessing_Package_Organization_in_Legacy_Large_Object-Oriented_Software},
    year = {2011},
    urldate = {2024-03-04},
    langid = {english},
}
@article{LogicalStability,
    author = {Mahmoud O. Elish, David Rine},
    title = {Investigation of Metrics for Object-Oriented Design Logical Stability},
    url = {https://core.ac.uk/download/pdf/146513146.pdf},
    year = {2003},
    urldate = {2024-03-04},
    langid = {english},
}
@article{Quanitification,
    author = {Suhel Ahmad Khan, Raees Ahmad Khan},
    title = {Analyzability Quantification Model of Object Oriented Design},
    url = {https://www.sciencedirect.com/science/article/pii/S2212017312003647},
    year = {2012},
    urldate = {2024-03-04},
    langid = {english},
}
@article{ComponentModularity,
    author = {Alan MacCormack, John Rusnak, Carliss Baldwin},
    title = {The Impact of Component Modularity on Design Evolution: Evidence from the Software Industry },
    url = {https://www.hbs.edu/ris/Publication%20Files/08-038_187f1243-7d1e-464a-bddd-bf7c09873284.pdf},
    year = {2007},
    urldate = {2024-03-04},
    langid = {english},
}
@article{ArchitecturalComplexity,
    author = {Daniel J. Sturtevant},
    title = {System design and the cost of architectural complexity},
    url = {https://dspace.mit.edu/handle/1721.1/79551},
    year = {2013},
    urldate = {2024-03-04},
    langid = {english},
}
@article{PackagingApproaches,
    author = {Shouki Ebad, Moataz Ahmed},
    title = {Software Packaging Approaches - A Comparison Framework},
    url = {https://www.researchgate.net/publication/220757169_Software_Packaging_Approaches_-_A_Comparison_Framework},
    year = {2011},
    urldate = {2024-03-04},
    langid = {english},
}
@article{ModularStability,
    author = {Shouki A. Ebad, Moataz Ahmed},
    title = {Investigating The Effect of Software Packaging on Modular Structure Stability},
    url = {https://d1wqtxts1xzle7.cloudfront.net/75578419/pdf-libre.pdf?1638471828=&response-content-disposition=inline%3B+filename%3DInvestigating_the_Effect_of_Software_Pac.pdf&Expires=1709553794&Signature=BWU2DSSXDNujfvTllUWYspcqNlbW1Fgg~doSlc6JoeK7XXJ5bGLPB1B1yBD0tnojJ0yNuWZzQP9rvrU8ZXm2TbxXwJEhgCEzlU8CTK~crCtPI1NDWFqmQuafamaohj3MJocCfsuRTpXDcQtUaGfmZjdEzl4DHMewWQXHsfd~RLbnCW-fpTjd~yffOhlxnM4GyB2gNMuGZyXsDBXWQuD66kZpwWdluJ63GWjvs28T2ArRpaekqk9JAc-Icun18nyonYJ~W4pIViibjHA4k9yN5r1FZRSWFeUSHpRmflEpJ1opD2Nh889TquLxsA2DhPP3L5BwqcVo2UpIRqeOBnYPUA__&Key-Pair-Id=APKAJLOHF5GGSLRBV4ZA},
    year = {2019},
    urldate = {2024-03-04},
    langid = {english},
}
@article{DesignMetrics,
    author = {Mahmoud Elish},
    title = {Exploring the Relationships between Design Metrics and Package Understandability: A Case Study},
    url = {https://www.researchgate.net/publication/221219583_Exploring_the_Relationships_between_Design_Metrics_and_Package_Understandability_A_Case_Study},
    year = {2010},
    urldate = {2024-03-04},
    langid = {english},
}
@article{MaintainabilityCharacteristics,
    author = {Haris Mumtaz, Paramvir Singh, Kelly Blincoe},
    title = {Identifying refactoring opportunities for large packages by analyzing maintainability characteristics in Java OSS},
    url = {https://www.sciencedirect.com/science/article/abs/pii/S0164121223001127},
    year = {2023},
    urldate = {2024-03-04},
    langid = {english},
}